@ARTICLE{1975A&A....40..365A,
       author = {{Alexander}, J.~K. and {Kaiser}, M.~L. and {Novaco}, J.~C. and
         {Grena}, F.~R. and {Weber}, R.~R.},
        title = "{Scientific instrumentation of the Radio-Astronomy-Explorer-2 satellite.}",
      journal = {\aap},
     keywords = {Lunar Occultation, Radio Astronomy Explorer Satellite, Satellite-Borne Instruments, Spaceborne Astronomy, Antenna Design, Dipole Antennas, Explorer 38 Satellite, Radio Receivers, Satellite Antennas, Solar Radio Bursts, Astronomy},
         year = 1975,
        month = may,
       volume = {40},
       number = {4},
        pages = {365-371},
       adsurl = {https://ui.adsabs.harvard.edu/abs/1975A&A....40..365A},
      adsnote = {Provided by the SAO/NASA Astrophysics Data System}
}

@ARTICLE{Memo28,
     author = {{Elingson}, S.~W. and {Kramer}, W.~T},
title = "Long Wavelength Array Memo 28",
journal = {LWA Memo Series},
year = 2004
}

@ARTICLE{Memo35,
     author = {{Ray}, P.~S. and others},
title = "Long Wavelength Array Memo 35",
journal = {LWA Memo Series},
year = 2006
}


@ARTICLE{2019arXiv190710853C,
       author = {{Chen}, Xuelei and {Burns}, Jack and {Koopmans}, Leon and
         {Rothkaehi}, Hanna and {Silk}, Joseph and {Wu}, Ji and
         {Boonstra}, Albert-Jan and {Cecconi}, Baptiste and
         {Chiang}, Cynthia H. and {Chen}, Linjie and {Deng}, Li and
         {Falanga}, Maurizio and {Falcke}, Heino and {Fan}, Quanlin and
         {Fang}, Guangyou and {Fialkov}, Anastasia and {Gurvits}, Leonid and
         {Ji}, Yicai and {Kasper}, Justin C. and {Li}, Kejia and {Mao}, Yi and
         {Mckinley}, Benjamin and {Monsalve}, Raul and {Peterson}, Jeffery B. and
         {Ping}, Jinsong and {Subrahmanyan}, Ravi and {Vedantham}, Harish and
         {Klein Wolt}, Marc and {Wu}, Fengquan and {Xu}, Yidong and
         {Yan}, Jingye and {Yue}, Bin},
        title = "{Discovering the Sky at the Longest Wavelengths with Small Satellite Constellations}",
      journal = {arXiv e-prints},
     keywords = {Astrophysics - Instrumentation and Methods for Astrophysics},
         year = 2019,
        month = jul,
          eid = {arXiv:1907.10853},
        pages = {arXiv:1907.10853},
archivePrefix = {arXiv},
       eprint = {1907.10853},
 primaryClass = {astro-ph.IM},
       adsurl = {https://ui.adsabs.harvard.edu/abs/2019arXiv190710853C},
      adsnote = {Provided by the SAO/NASA Astrophysics Data System}
}

@ARTICLE{2018AJ....156...32E,
       author = {{Eastwood}, Michael W. and {Anderson}, Marin M. and {Monroe}, Ryan M. and
         {Hallinan}, Gregg and {Barsdell}, Benjamin R. and {Bourke}, Stephen A. and
         {Clark}, M.~A. and {Ellingson}, Steven W. and {Dowell}, Jayce and
         {Garsden}, Hugh and {Greenhill}, Lincoln J. and {Hartman}, Jacob M. and
         {Kocz}, Jonathon and {Lazio}, T. Joseph W. and {Price}, Danny C. and
         {Schinzel}, Frank K. and {Taylor}, Gregory B. and
         {Vedantham}, Harish K. and {Wang}, Yuankun and {Woody}, David P.},
        title = "{The Radio Sky at Meter Wavelengths: m-mode Analysis Imaging with the OVRO-LWA}",
      journal = {\aj},
     keywords = {cosmology: observations, dark ages, reionization, first stars, radio continuum: galaxies, radio continuum: ISM, Astrophysics - Instrumentation and Methods for Astrophysics},
         year = 2018,
        month = jul,
       volume = {156},
       number = {1},
          eid = {32},
        pages = {32},
          doi = {10.3847/1538-3881/aac721},
archivePrefix = {arXiv},
       eprint = {1711.00466},
 primaryClass = {astro-ph.IM},
       adsurl = {https://ui.adsabs.harvard.edu/abs/2018AJ....156...32E},
      adsnote = {Provided by the SAO/NASA Astrophysics Data System}
}


%need ellingson and kramer lwa memo
%need george et al.

@ARTICLE{2012PASP..124.1090H,
       author = {{Hicks}, Brian C. and {Paravastu-Dalal}, Nagini and
         {Stewart}, Kenneth P. and {Erickson}, William C. and {Ray}, Paul S. and
         {Kassim}, Namir E. and {Burns}, Steve and {Clarke}, Tracy and
         {Schmitt}, Henrique and {Craig}, Joe and {Hartman}, Jake and
         {Weiler}, Kurt W.},
        title = "{A Wide-Band, Active Antenna System for Long Wavelength Radio Astronomy}",
      journal = {\pasp},
     keywords = {Astrophysics - Instrumentation and Methods for Astrophysics},
         year = 2012,
        month = oct,
       volume = {124},
       number = {920},
        pages = {1090},
          doi = {10.1086/668121},
archivePrefix = {arXiv},
       eprint = {1210.0506},
 primaryClass = {astro-ph.IM},
       adsurl = {https://ui.adsabs.harvard.edu/abs/2012PASP..124.1090H},
      adsnote = {Provided by the SAO/NASA Astrophysics Data System}
}

@ARTICLE{2019arXiv190804296K,
       author = {{Koopmans}, Leon and {Barkana}, Rennan and {Bentum}, Mark and
         {Bernardi}, Gianni and {Boonstra}, Albert-Jan and {Bowman}, Judd and
         {Burns}, Jack and {Chen}, Xuelei and {Datta}, Abhirup and
         {Falcke}, Heino and {Fialkov}, Anastasia and {Gehlot}, Bharat and
         {Gurvits}, Leonid and {Jeli{\'c}}, Vibor and {Klein-Wolt}, Marc and
         {Koopmans}, L{\'e}on and {Lazio}, Joseph and {Meerburg}, Daan and
         {Mellema}, Garrelt and {Mertens}, Florent and {Mesinger}, Andrei and
         {Offringa}, Andr{\'e} and {Pritchard}, Jonathan and {Semelin}, Benoit and
         {Subrahmanyan}, Ravi and {Silk}, Joseph and {Trott}, Cathryn and
         {Vedantham}, Harish and {Verde}, Licia and {Zaroubi}, Saleem and
         {Zarka}, Philippe},
        title = "{Peering into the Dark (Ages) with Low-Frequency Space Interferometers}",
      journal = {arXiv e-prints},
     keywords = {Astrophysics - Instrumentation and Methods for Astrophysics},
         year = 2019,
        month = aug,
          eid = {arXiv:1908.04296},
        pages = {arXiv:1908.04296},
archivePrefix = {arXiv},
       eprint = {1908.04296},
 primaryClass = {astro-ph.IM},
       adsurl = {https://ui.adsabs.harvard.edu/abs/2019arXiv190804296K},
      adsnote = {Provided by the SAO/NASA Astrophysics Data System}
}

@ARTICLE{2013PhRvD..87d3002L,
       author = {{Liu}, Adrian and {Pritchard}, Jonathan R. and {Tegmark}, Max and
         {Loeb}, Abraham},
        title = "{Global 21 cm signal experiments: A designer's guide}",
      journal = {\prd},
     keywords = {95.75.-z, 95.75.Pq, 98.80.-k, 98.80.Es, Observation and data reduction techniques, computer modeling and simulation, Mathematical procedures and computer techniques, Cosmology, Observational cosmology, Astrophysics - Cosmology and Extragalactic Astrophysics},
         year = 2013,
        month = feb,
       volume = {87},
       number = {4},
          eid = {043002},
        pages = {043002},
          doi = {10.1103/PhysRevD.87.043002},
archivePrefix = {arXiv},
       eprint = {1211.3743},
 primaryClass = {astro-ph.CO},
       adsurl = {https://ui.adsabs.harvard.edu/abs/2013PhRvD..87d3002L},
      adsnote = {Provided by the SAO/NASA Astrophysics Data System}
}

@ARTICLE{2019JAI.....850004P,
       author = {{Philip}, L. and {Abdurashidova}, Z. and {Chiang}, H.~C. and
         {Ghazi}, N. and {Gumba}, A. and {Heilgendorff}, H.~M. and
         {J{\'a}uregui-Garc{\'\i}a}, J.~M. and {Malepe}, K. and
         {Nunhokee}, C.~D. and {Peterson}, J. and {Sievers}, J.~L. and
         {Simes}, V. and {Spann}, R.},
        title = "{Probing Radio Intensity at High-Z from Marion: 2017 Instrument}",
      journal = {Journal of Astronomical Instrumentation},
     keywords = {Cosmology, observations, dark ages, reionization, first stars, instrumentation, polarimeters, Astrophysics - Instrumentation and Methods for Astrophysics},
         year = 2019,
        month = jan,
       volume = {8},
       number = {2},
          eid = {1950004},
        pages = {1950004},
          doi = {10.1142/S2251171719500041},
archivePrefix = {arXiv},
       eprint = {1806.09531},
 primaryClass = {astro-ph.IM},
       adsurl = {https://ui.adsabs.harvard.edu/abs/2019JAI.....850004P},
      adsnote = {Provided by the SAO/NASA Astrophysics Data System}
}

@ARTICLE{2014ApJ...782...66P,
       author = {{Pober}, Jonathan C. and {Liu}, Adrian and {Dillon}, Joshua S. and
         {Aguirre}, James E. and {Bowman}, Judd D. and {Bradley}, Richard F. and
         {Carilli}, Chris L. and {DeBoer}, David R. and {Hewitt}, Jacqueline N. and
         {Jacobs}, Daniel C. and {McQuinn}, Matthew and {Morales}, Miguel F. and
         {Parsons}, Aaron R. and {Tegmark}, Max and {Werthimer}, Dan J.},
        title = "{What Next-generation 21 cm Power Spectrum Measurements can Teach us About the Epoch of Reionization}",
      journal = {\apj},
     keywords = {dark ages, reionization, first stars, techniques: interferometric, Astrophysics - Cosmology and Nongalactic Astrophysics},
         year = 2014,
        month = feb,
       volume = {782},
       number = {2},
          eid = {66},
        pages = {66},
          doi = {10.1088/0004-637X/782/2/66},
archivePrefix = {arXiv},
       eprint = {1310.7031},
 primaryClass = {astro-ph.CO},
       adsurl = {https://ui.adsabs.harvard.edu/abs/2014ApJ...782...66P},
      adsnote = {Provided by the SAO/NASA Astrophysics Data System}
}


%ray  et al lwa memo

@ARTICLE{1999A&AS..137....7R,
       author = {{Roger}, R.~S. and {Costain}, C.~H. and {Landecker}, T.~L. and
         {Swerdlyk}, C.~M.},
        title = "{The radio emission from the Galaxy at 22 MHz}",
      journal = {\aaps},
     keywords = {GALAXY: STRUCTURE, RADIO CONTINUUM: GENERAL, ISM, Astrophysics},
         year = 1999,
        month = may,
       volume = {137},
        pages = {7-19},
          doi = {10.1051/aas:1999239},
archivePrefix = {arXiv},
       eprint = {astro-ph/9902213},
 primaryClass = {astro-ph},
       adsurl = {https://ui.adsabs.harvard.edu/abs/1999A&AS..137....7R},
      adsnote = {Provided by the SAO/NASA Astrophysics Data System}
}


@ARTICLE{1988A&A...195..372W,
       author = {{Weiler}, K.~W. and {Johnston}, K.~J. and {Simon}, R.~S. and
         {Dennison}, B.~K. and {Erickson}, W.~C. and {Kaiser}, M.~L. and
         {Cane}, H.~V. and {Desch}, M.~D.},
        title = "{A low frequency radio array for space}",
      journal = {\aap},
     keywords = {Low Frequencies, Phased Arrays, Radio Telescopes, Interferometry, Interstellar Gas, Plasma Oscillations, Radio Sources (Astronomy), Spacecraft Instrumentation},
         year = 1988,
        month = apr,
       volume = {195},
       number = {1-2},
        pages = {372-379},
       adsurl = {https://ui.adsabs.harvard.edu/abs/1988A&A...195..372W},
      adsnote = {Provided by the SAO/NASA Astrophysics Data System}
}