\begin{document}
\begin{thebibliography}{9}


@ARTICLE{2019arXiv190804296K,
       author = {{Koopmans}, Leon and {Barkana}, Rennan and {Bentum}, Mark and
         {Bernardi}, Gianni and {Boonstra}, Albert-Jan and {Bowman}, Judd and
         {Burns}, Jack and {Chen}, Xuelei and {Datta}, Abhirup and
         {Falcke}, Heino and {Fialkov}, Anastasia and {Gehlot}, Bharat and
         {Gurvits}, Leonid and {Jeli{\'c}}, Vibor and {Klein-Wolt}, Marc and
         {Koopmans}, L{\'e}on and {Lazio}, Joseph and {Meerburg}, Daan and
         {Mellema}, Garrelt and {Mertens}, Florent and {Mesinger}, Andrei and
         {Offringa}, Andr{\'e} and {Pritchard}, Jonathan and {Semelin}, Benoit and
         {Subrahmanyan}, Ravi and {Silk}, Joseph and {Trott}, Cathryn and
         {Vedantham}, Harish and {Verde}, Licia and {Zaroubi}, Saleem and
         {Zarka}, Philippe},
        title = "{Peering into the Dark (Ages) with Low-Frequency Space Interferometers}",
      journal = {arXiv e-prints},
     keywords = {Astrophysics - Instrumentation and Methods for Astrophysics},
         year = "2019",
        month = "Aug",
          eid = {arXiv:1908.04296},
        pages = {arXiv:1908.04296},
archivePrefix = {arXiv},
       eprint = {1908.04296},
 primaryClass = {astro-ph.IM},
       adsurl = {https://ui.adsabs.harvard.edu/abs/2019arXiv190804296K},
      adsnote = {Provided by the SAO/NASA Astrophysics Data System}
}

@ARTICLE{16,
   author = {{Liu}, L. and {Chronopoulos)}, C.},
    title = "{The Hydrogen 21-cm Line and Its Applications to Radio Astrophysics}",
  journal = {Astrophysics},
     year = 2008,
    month = mar,
   url = {http://web.mit.edu/lululiu/Public/8.14/21cm/21cm.pdf},
}

@ARTICLE{2014ApJ...782...66P,
   author = {{Pober}, J.~C. and {Liu}, A. and {Dillon}, J.~S. and {Aguirre}, J.~E. and 
	{Bowman}, J.~D. and {Bradley}, R.~F. and {Carilli}, C.~L. and 
	{DeBoer}, D.~R. and {Hewitt}, J.~N. and {Jacobs}, D.~C. and 
	{McQuinn}, M. and {Morales}, M.~F. and {Parsons}, A.~R. and 
	{Tegmark}, M. and {Werthimer}, D.~J.},
    title = "{What Next-generation 21 cm Power Spectrum Measurements can Teach us About the Epoch of Reionization}",
  archivePrefix = "arXiv",
   eprint = {1310.7031},
 keywords = {dark ages, reionization, first stars, techniques: interferometric},
     year = 2014,
    month = feb,
   volume = 782,
      eid = {66},
    pages = {66},
      doi = {10.1088/0004-637X/782/2/66},
   adsurl = {http://adsabs.harvard.edu/abs/2014ApJ...782...66P},
  adsnote = {Provided by the SAO/NASA Astrophysics Data System}
}

@ARTICLE{2013PhRvD..87d3002L,
   author = {{Liu}, A. and {Pritchard}, J.~R. and {Tegmark}, M. and {Loeb}, A.
	},
    title = "{Global 21 cm signal experiments: A designer's guide}",
 archivePrefix = "arXiv",
   eprint = {1211.3743},
 primaryClass = "astro-ph.CO",
 keywords = {Observation and data reduction techniques, computer modeling and simulation, Mathematical procedures and computer techniques, Cosmology, Observational cosmology},
     year = 2013,
    month = feb,
   volume = 87,
   number = 4,
      eid = {043002},
    pages = {043002},
      doi = {10.1103/PhysRevD.87.043002},
   adsurl = {http://adsabs.harvard.edu/abs/2013PhRvD..87d3002L},
  adsnote = {Provided by the SAO/NASA Astrophysics Data System}
}

@ARTICLE{2018arXiv180609531P,
   author = {{Philip}, L. and {Abdurashidova}, Z. and {Chiang}, H.~C. and 
	{Ghazi}, N. and {Gumba}, A. and {Heilgendorff}, H.~M. and {Hickish}, J. and 
	{J{\'a}uregui-Garc{\'{\i}}a}, J.~M. and {Malepe}, K. and {Nunhokee}, C.~D. and 
	{Peterson}, J. and {Sievers}, J.~L. and {Simes}, V. and {Spann}, R.
	},
    title = "{Probing Radio Intensity at high-Z from Marion: 2017 Instrument}",
  journal = {ArXiv e-prints},
archivePrefix = "arXiv",
   eprint = {1806.09531},
 primaryClass = "astro-ph.IM",
 keywords = {Astrophysics - Instrumentation and Methods for Astrophysics},
     year = 2018,
    month = jun,
   adsurl = {http://adsabs.harvard.edu/abs/2018arXiv180609531P},
  adsnote = {Provided by the SAO/NASA Astrophysics Data System}
}

@ARTICLE{2019arXiv190710853C,
       author = {{Chen}, Xuelei and {Burns}, Jack and {Koopmans}, Leon and
         {Rothkaehi}, Hanna and {Silk}, Joseph and {Wu}, Ji and
         {Boonstra}, Albert-Jan and {Cecconi}, Baptiste and
         {Chiang}, Cynthia H. and {Chen}, Linjie and {Deng}, Li and
         {Falanga}, Maurizio and {Falcke}, Heino and {Fan}, Quanlin and
         {Fang}, Guangyou and {Fialkov}, Anastasia and {Gurvits}, Leonid and
         {Ji}, Yicai and {Kasper}, Justin C. and {Li}, Kejia and {Mao}, Yi and
         {Mckinley}, Benjamin and {Monsalve}, Raul and {Peterson}, Jeffery B. and
         {Ping}, Jinsong and {Subrahmanyan}, Ravi and {Vedantham}, Harish and
         {Klein Wolt}, Marc and {Wu}, Fengquan and {Xu}, Yidong and
         {Yan}, Jingye and {Yue}, Bin},
        title = "{Discovering the Sky at the Longest Wavelengths with Small Satellite Constellations}",
      journal = {arXiv e-prints},
     keywords = {Astrophysics - Instrumentation and Methods for Astrophysics},
         year = "2019",
        month = "Jul",
          eid = {arXiv:1907.10853},
        pages = {arXiv:1907.10853},
archivePrefix = {arXiv},
       eprint = {1907.10853},
 primaryClass = {astro-ph.IM},
       adsurl = {https://ui.adsabs.harvard.edu/abs/2019arXiv190710853C},
      adsnote = {Provided by the SAO/NASA Astrophysics Data System}
}

\end{thebibliography}
\end{document}	
	
	

